
@article{covdepGE,
	title = {covdepGE: Covariate Dependent Graph Estimation},
	author = {Helwig, Jacob and Dasgupta, Sutanoy and Zhao, Peng and Mallick, Bani and Pati, Debdeep},
	year = {2022},
	date = {2022},
	url = {https://CRAN.R-project.org/package=covdepGE}
}

@article{mgm,
	title = {{\textbraceleft}mgm{\textbraceright}: Estimating Time-Varying Mixed Graphical Models in High-Dimensional Data},
	author = {Haslbeck, Jonas M. B. and Waldorp, Lourens J.},
	year = {2020},
	date = {2020},
	volume = {93},
	doi = {10.18637/jss.v093.i08}
}

@article{JGL,
	title = {JGL: Performs the Joint Graphical Lasso for Sparse Inverse Covariance
Estimation on Multiple Classes},
	author = {Danaher, Patrick},
	year = {2018},
	date = {2018},
	url = {https://CRAN.R-project.org/package=JGL}
}

@article{article,
author = {Guo, Jian and Levina, Elizaveta and Michailidis, George and Zhu, Ji},
year = {2011},
month = {03},
pages = {1-15},
title = {Joint estimation of multiple graphical models},
volume = {98},
journal = {Biometrika},
doi = {10.1093/biomet/asq060}
}
